\begin{thebibliography}{}

@MISC{web:fb-main,
      AUTHOR = "Open Solaris Community",
      TITLE = "Filebench",
      MONTH = " December",
      YEAR = 2010,
      HOWPUBLISHED = "\url{http://www.solarisinternals.com/wiki/index.php/FileBench}"
}

@MISC{web:wiki-fuse,
      AUTHOR = "Wikipedia",
      TITLE = "Filesystem in Userspace",
      MONTH = " December",
      YEAR = 2010,
      HOWPUBLISHED = "\url{http://en.wikipedia.org/wiki/Filesystem_in_Userspace/}"
}


@MISC{web:opendedup,
      AUTHOR = "Opendedup",
      TITLE = "SDFS Architecture",
      MONTH = " December",
      YEAR = 2010,
      HOWPUBLISHED = "\url{http://www.opendedup.org/}"
}

@article{usenix,
        author = "Petros Efstathopoulos and Fanglu Guo",
        title = "Rethinking Deduplication Scalability",
        journal = "HotStorage '10 Proceedings",
        year = "2010",
}

@book{ConcreteMath,
        author = "R.L. Graham and D.E. Knuth and O. Patashnik",
        title = "Concrete mathematics",
        publisher = "Addison-Wesley",
        address = "Reading, MA",
        year = "1989"
}

@unpublished{Simpson,
        author = "H. Simpson",
        title = "Proof of the {R}iemann {H}ypothesis",
        note = "preprint (2003), available at 
        \texttt{http://www.math.drofnats.edu/riemann.ps}",
}

@incollection{Er01,
        author = "P. Erd{\H o}s",
        title = "A selection of problems and results in combinatorics",
        booktitle = "Recent trends in combinatorics (Matrahaza, 1995)",
        publisher = "Cambridge Univ. Press",
        address = "Cambridge",
        pages = "1--6"
}

\end{thebibliography}
